<?xml version="1.0" encoding="UTF-8"?><record xmlns="http://www.loc.gov/MARC21/slim" xmlns:cinclude="http://apache.org/cocoon/include/1.0" xmlns:zs="http://www.loc.gov/zing/srw/">
  <leader>00426cz  a2200133n  4500</leader>
  <controlfield tag="001">n  86836306 </controlfield>
  <controlfield tag="003">DLC</controlfield>
  <controlfield tag="005">20080612080014.0</controlfield>
  <controlfield tag="008">860626n| acannaabn          |n aad      </controlfield>
  <datafield tag="010" ind1=" " ind2=" ">
    <subfield code="a">n  86836306 </subfield>
  </datafield>
  <datafield tag="035" ind1=" " ind2=" ">
    <subfield code="a">(OCoLC)oca01628367</subfield>
  </datafield>
  <datafield tag="040" ind1=" " ind2=" ">
    <subfield code="a">DLC</subfield>
    <subfield code="b">eng</subfield>
    <subfield code="c">DLC</subfield>
    <subfield code="d">OCoLC</subfield>
  </datafield>
  <datafield tag="100" ind1="1" ind2=" ">
    <subfield code="a">Morgan, Frederick</subfield>
  </datafield>
  <datafield tag="670" ind1=" " ind2=" ">
    <subfield code="a">nuc86-58921: The Recorder collection of Frans BruĚggen, 1981</subfield>
    <subfield code="b">(hdg. on MB rept.: Morgan, Frederick; usage: Frederick Morgan)</subfield>
  </datafield>
</record>